% This file was created with JabRef 2.8.1.
% Encoding: UTF8

@misc{wikipediactf,
title={Capture the flag},
howpublished = {\url{https://fr.wikipedia.org/wiki/Capture_du_drapeau}},
  note = {Dernier acc\`{e}s: 21-03-2020},
  annotate = {Cette page indique les fondamentaux du CTF.},
  keywords={recherche}
}

@misc{rootme,
    title={Root-me},
    howpublished={\url{https://www.root-me.org/}},
    note = {Dernier acc\`{e}s: 24-03-2020},
    keywords = {recherche,decouverte,hacking},
    annotate = {Site d’apprentissage de hacking.}
}

@misc{hackthebox,
    title={HackTheBox},
    howpublished={\url{https://www.hackthebox.eu/}},
    note = {Dernier acc\`{e}s: 24-03-2020},
    keywords = {recherche,decouverte,hacking},
    annotate = {Site d’apprentissage de hacking.},
}

@misc{vulnhub,
    title={Vulnhub},
    howpublished={\url{https://www.vulnhub.com/}},
    note = {Dernier acc\`{e}s: 24-03-2020},
    keywords = {recherche},
    annotate = {Site de partage de CTFs.},
}

@misc{5,
    title={Octetmalin.net},
    howpublished={\url{http://www.octetmalin.net/linux/tutoriels/nmap-outil-exploration-reseaux-network-scanner-de-ports-securite.php}},
    note = {Dernier acc\`{e}s: 24-03-2020},
    keywords = {recherche},
    annotate = {Documentation Nmap.},
}

@misc{6,
    title={DIRB Package Description},
    howpublished={\url{https://tools.kali.org/web-applications/dirb}},
    note = {Dernier acc\`{e}s: 24-03-2020},
    keywords = {recherche},
    annotate={Documentation Dirb.},
}

@misc{7,
    title={ Comprehensive Guide on Dirbuster Tool},
    howpublished={\url{https://www.hackingarticles.in/comprehensive-guide-on-dirbuster-tool/}},
    note = {Dernier acc\`{e}s: 24-03-2020},
    keywords = {recherche},
    annotate={Documentation Dirbuster.}
}

@misc{8,
    title={John the Ripper's cracking modes},
    howpublished={\url{https://www.openwall.com/john/doc/MODES.shtml}},
    note = {Dernier acc\`{e}s: 24-03-2020},
    keywords = {intrusion},
    annotate = {Documentation John The Ripper.},
}

@misc{9,
    title ={Le framework metasploit},
    howpublished={\url{https://connect.ed-diamond.com/MISC/MISC-052/Le-framework-metasploit}},
    note = {Dernier acc\`{e}s: 24-03-2020},
    keywords = {exploitation},
    annotate={Documentation Metasploit.},
}

@misc{10,
    title={Metasploit les bases},
    howpublished={\url{https://k-lfa.info/metasploit-cheat-sheet/}},
    note = {Dernier acc\`{e}s: 24-03-2020},
    keywords = {exploitation},
    annotate={Documentation Metasploit.},
}

@misc{11,
    title={MetasploitCheat Sheet},
    howpublished={\url{https://www.sans.org/security-resources/sec560/misc_tools_sheet_v1.pdf}},
    note = {Dernier acc\`{e}s: 24-03-2020},
    keywords = {exploitation},
    annotate={Documentation Metasploit.},
}

@book{12,
    author={David Kennedy and Jim O’Gorman and Devon Kearns and Mati Aharoni},
    year={2013},
    title={Hacking, sécurité et tests d’intrusion avec Metasploit},
    howpublished={\url{http://tony3d3.free.fr/files/Hacking,-securite-et-tests-dintrusion-avec-Metasploit.pdf}},
    keywords = {exploitation},
    note = {Dernier acc\`{e}s: 24-03-2020},
    annotate={Documentation Metasploit.}
}

@misc{13,
    title={Steghide – An Easy way to Hide Confidential Data Inside Images and Sound Objects in Linux. Site 2daygeek},
    howpublished={\url{https://www.2daygeek.com/easy-way-hide-information-inside-image-and-sound-objects/}},
    keywords = {recherche,intrusion},
    note = {Dernier acc\`{e}s: 24-03-2020},
    annotate={Documentation Steghide.},
}

@misc{14,
    title={Interpréteur de ligne de commandes (Shell)},
    howpublished={\url{https://doc.ubuntu-fr.org/shell}},
    keywords = {intrusion},
    note = {Dernier acc\`{e}s: 24-03-2020},
    annotate={Documentation du shell.},
}

@misc{15,
    title={Bash Hackers Wiki},
    howpublised={\url{https://wiki.bash-hackers.org/syntax/redirection}},
    note = {Dernier acc\`{e}s: 24-03-2020},
    keywords = {intrusion},
    annotate={Documentation Reverse-Shell.},
}

@misc{16,
    title={Bash},
    howpublished={\url{http://manpagesfr.free.fr/man/man1/bash.1.html}},
    note = {Dernier acc\`{e}s: 24-03-2020},
    keywords = {intrusion},
    annotate={Documentation du Bash.},
}

@misc{17,
    title={Reverse Shells Enable Attackers To Operate From Your Network},
    howpublished={\url{https://www.sans.edu/student-files/presentations/LVReverseShell.pdf}},
    note = {Dernier acc\`{e}s: 24-03-2020},
    keywords = {intrusion},
    annotate={Documentation Reverse-Shell.},
}

@misc{18,
    title={Reverse Shell Cheatsheet},
    howpublished={\url{https://github.com/swisskyrepo/PayloadsAllTheThings/blob/master/Methodology and Resources/Reverse Shell Cheatsheet.md}},
    keywords = {intrusion},
    note = {Dernier acc\`{e}s: 24-03-2020},
    annotate={Documentation Reverse-Shell.},
}

@misc{19,
    title={Communications inter-processus},
    howpublished={\url{http://www.i3s.unice.fr/~tettaman/Classes/L2I/ProgSys/11_IntroSockets.pdf}},
    note = {Dernier acc\`{e}s: 24-03-2020},
    keywords = {intrusion},
    annotate={Documentation sur les sockets.},
}

@misc{20,
    title={Netcat, connexion client/serveur en bash},
    howpublished={\url{https://doc.fedora-fr.org/wiki/Netcat,_connexion_client/serveur_en_bash}},
    note = {Dernier acc\`{e}s: 24-03-2020},
    keywords = {intrusion},
    annotate={Documentation sur Netcat.},
}

@misc{21,
    title={Reverse shell !?!},
    howpublished={\url{https://hackernoon.com/reverse-shell-cf154dfee6bd}},
    note = {Dernier acc\`{e}s: 24-03-2020},
    keywords = {intrusion},
    annotate={Documentation Reverse-Shell.},
}

@misc{22,
    title={Reverse-shell one-liner Cheat Sheet},
    howpublished={\url{https://www.asafety.fr/reverse-shell-one-liner-cheat-sheet/}},
    note = {Dernier acc\`{e}s: 24-03-2020},
    keywords = {intrusion},
    annotate={Documentation Reverse-Shell.},
}